%% This BibTeX bibliography file was created using BibDesk.
%% http://bibdesk.sourceforge.net/


%% Created for Adam Weiss at 2014-09-14 21:50:32 -0400 


%% Saved with string encoding Unicode (UTF-8) 



@article{Zweig:1993,
	Author = {Zweig, Mark H and Campbell, Gregory},
	Date-Added = {2014-04-28 02:45:20 +0000},
	Date-Modified = {2014-04-28 02:45:29 +0000},
	Journal = {Clinical chemistry},
	Number = {4},
	Pages = {561--577},
	Publisher = {Am Assoc Clin Chem},
	Title = {Receiver-operating characteristic (ROC) plots: a fundamental evaluation tool in clinical medicine.},
	Volume = {39},
	Year = {1993}}

@article{Chang:2010,
	Author = {Chang, Yin-Wen and Hsieh, Cho-Jui and Chang, Kai-Wei and Ringgaard, Michael and Lin, Chih-Jen},
	Date-Added = {2014-04-28 02:28:24 +0000},
	Date-Modified = {2014-04-28 02:28:29 +0000},
	Journal = {The Journal of Machine Learning Research},
	Pages = {1471--1490},
	Publisher = {JMLR. org},
	Title = {Training and testing low-degree polynomial data mappings via linear SVM},
	Volume = {11},
	Year = {2010}}

@book{Bonferroni:1935,
	Author = {Bonferroni, Carlo E},
	Date-Added = {2014-04-28 01:20:30 +0000},
	Date-Modified = {2014-04-28 01:20:41 +0000},
	Publisher = {Tipografia del Senato},
	Title = {Il calcolo delle assicurazioni su gruppi di teste},
	Year = {1935}}

@article{Suhyun:2011,
	Abstract = {There has been a general decline in the dropout rate and an increase in the high school completion rate over the last three decades. This research investigates causes for the decline in the dropout rate over the periods using decomposition analysis. Traditional cross-section analysis was inadequate to perform this task. Using the two cohort surveys of the National Longitudinal Survey of Youth (NLSY) in the 1980s and 2000s, we separated changes in characteristics into two parts: explained change and unexplained change. Results of the research suggest that the common explanations for the characteristic of school dropout account for little of the decline of the rate. Relatively unnoticeable factors such as location and regions contributed to the decline of the dropout rate while socioeconomic, personal, familial factors contributed to increase the dropout rate. [ABSTRACT FROM AUTHOR]},
	Author = {Suhyun, Suh1 and Jingyo, Suh2},
	Date-Added = {2014-03-17 03:07:39 +0000},
	Date-Modified = {2014-03-17 03:09:59 +0000},
	Issn = {01965042},
	Journal = {Educational Research Quarterly},
	Keywords = {High school dropouts, Decomposition method (Mathematics), Familialism, Socioeconomic factors, Operations research, Family values (Concept), Class differences},
	Number = {4},
	Pages = {3 - 13},
	Title = {Changing Pattern and Process of High School Dropouts between 1980s and 2000s.},
	Url = {http://search.ebscohost.com/login.aspx?direct=true&db=ofm&AN=61865392&site=ehost-live&scope=site},
	Volume = {34},
	Year = {2011},
	Bdsk-File-1 = {YnBsaXN0MDDUAQIDBAUGJCVYJHZlcnNpb25YJG9iamVjdHNZJGFyY2hpdmVyVCR0b3ASAAGGoKgHCBMUFRYaIVUkbnVsbNMJCgsMDxJXTlMua2V5c1pOUy5vYmplY3RzViRjbGFzc6INDoACgAOiEBGABIAFgAdccmVsYXRpdmVQYXRoWWFsaWFzRGF0YV8QVS4uLy4uL0dyYWR1YXRlIFNjaG9vbC9KSFUvbWFjaGluZV9sZWFybmluZy9lZHVjYXRpb24gYXJ0aWNsZXMvYmFja2dyb3VuZC82MTg2NTM5Mi5wZGbSFwsYGVdOUy5kYXRhTxECMgAAAAACMgACAAAMTWFjaW50b3NoIEhEAAAAAAAAAAAAAAAAAAAAyrj/FEgrAAAGptXVDDYxODY1MzkyLnBkZgAAAAAAAAAAAAAAAAAAAAAAAAAAAAAAAAAAAAAAAAAAAAAAAAAAAAAAAAAAAAAAAAAAAAa5fV3PS+BtAAAAAAAAAAAAAgAGAAAJIAAAAAAAAAAAAAAAAAAAAApiYWNrZ3JvdW5kABAACAAAyrk3VAAAABEACAAAz0wYrQAAAAEAJAam1dUGhxkLBnVY0AT3nwME958CACiVFwAFHq0ABR6sAADAIwACAIdNYWNpbnRvc2ggSEQ6VXNlcnM6AHNobXVyZmVjdDoARG9jdW1lbnRzOgBEcm9wYm94OgBHcmFkdWF0ZSBTY2hvb2w6AEpIVToAbWFjaGluZV9sZWFybmluZzoAZWR1Y2F0aW9uIGFydGljbGVzOgBiYWNrZ3JvdW5kOgA2MTg2NTM5Mi5wZGYAAA4AGgAMADYAMQA4ADYANQAzADkAMgAuAHAAZABmAA8AGgAMAE0AYQBjAGkAbgB0AG8AcwBoACAASABEABIAcVVzZXJzL3NobXVyZmVjdC9Eb2N1bWVudHMvRHJvcGJveC9HcmFkdWF0ZSBTY2hvb2wvSkhVL21hY2hpbmVfbGVhcm5pbmcvZWR1Y2F0aW9uIGFydGljbGVzL2JhY2tncm91bmQvNjE4NjUzOTIucGRmAAATAAEvAAAVAAIAEP//AACABtIbHB0eWiRjbGFzc25hbWVYJGNsYXNzZXNdTlNNdXRhYmxlRGF0YaMdHyBWTlNEYXRhWE5TT2JqZWN00hscIiNcTlNEaWN0aW9uYXJ5oiIgXxAPTlNLZXllZEFyY2hpdmVy0SYnVHJvb3SAAQAIABEAGgAjAC0AMgA3AEAARgBNAFUAYABnAGoAbABuAHEAcwB1AHcAhACOAOYA6wDzAykDKwMwAzsDRANSA1YDXQNmA2sDeAN7A40DkAOVAAAAAAAAAgEAAAAAAAAAKAAAAAAAAAAAAAAAAAAAA5c=},
	Bdsk-Url-1 = {http://search.ebscohost.com/login.aspx?direct=true&db=ofm&AN=61865392&site=ehost-live&scope=site}}

@techreport{Alensworth:2002,
	Author = {Alensworth,Elaine M. AND Miler, Shazia Rafiulah},
	Date-Added = {2014-03-17 02:51:45 +0000},
	Date-Modified = {2014-03-17 02:53:52 +0000},
	Institution = {Consortium on Chicago School Research},
	Title = {Declining High School Enrollment: An Exploration of Causes. The State of Chicago Public High Schools: 1993 to 2000},
	Year = {2002},
	Bdsk-File-1 = {YnBsaXN0MDDUAQIDBAUGJCVYJHZlcnNpb25YJG9iamVjdHNZJGFyY2hpdmVyVCR0b3ASAAGGoKgHCBMUFRYaIVUkbnVsbNMJCgsMDxJXTlMua2V5c1pOUy5vYmplY3RzViRjbGFzc6INDoACgAOiEBGABIAFgAdccmVsYXRpdmVQYXRoWWFsaWFzRGF0YV8QJS4uLy4uLy4uLy4uLy4uLy4uLy5UcmFzaC9FRDQ3MDI5NC5wZGbSFwsYGVdOUy5kYXRhTxEBdAAAAAABdAACAAAMTWFjaW50b3NoIEhEAAAAAAAAAAAAAAAAAAAAyrj/FEgrAAAGdJGPDEVENDcwMjk0LnBkZgAAAAAAAAAAAAAAAAAAAAAAAAAAAAAAAAAAAAAAAAAAAAAAAAAAAAAAAAAAAAAAAAAAAAa5YuXPS9tXAAAAAAAAAAAABgACAAAJIAAAAAAAAAAAAAAAAAAAAAYuVHJhc2gAEAAIAADKuTdUAAAAEQAIAADPTBOXAAAAAQAMBnSRjwAFHqwAAMAjAAIAM01hY2ludG9zaCBIRDpVc2VyczoAc2htdXJmZWN0OgAuVHJhc2g6AEVENDcwMjk0LnBkZgAADgAaAAwARQBEADQANwAwADIAOQA0AC4AcABkAGYADwAaAAwATQBhAGMAaQBuAHQAbwBzAGgAIABIAEQAEgAjVXNlcnMvc2htdXJmZWN0Ly5UcmFzaC9FRDQ3MDI5NC5wZGYAABMAAS8AABUAAgAQ//8AAIAG0hscHR5aJGNsYXNzbmFtZVgkY2xhc3Nlc11OU011dGFibGVEYXRhox0fIFZOU0RhdGFYTlNPYmplY3TSGxwiI1xOU0RpY3Rpb25hcnmiIiBfEA9OU0tleWVkQXJjaGl2ZXLRJidUcm9vdIABAAgAEQAaACMALQAyADcAQABGAE0AVQBgAGcAagBsAG4AcQBzAHUAdwCEAI4AtgC7AMMCOwI9AkICTQJWAmQCaAJvAngCfQKKAo0CnwKiAqcAAAAAAAACAQAAAAAAAAAoAAAAAAAAAAAAAAAAAAACqQ==}}

@article{Xenos:2002,
	Author = {Michalis Xenos and Christos Pierrakeas and Panagiotis Pintelas},
	Date-Added = {2014-03-17 02:44:39 +0000},
	Date-Modified = {2014-03-17 02:44:46 +0000},
	Doi = {http://dx.doi.org/10.1016/S0360-1315(02)00072-6},
	Issn = {0360-1315},
	Journal = {Computers & Education},
	Keywords = {Dropout rates},
	Number = {4},
	Pages = {361 - 377},
	Title = {A survey on student dropout rates and dropout causes concerning the students in the Course of Informatics of the Hellenic Open University},
	Url = {http://www.sciencedirect.com/science/article/pii/S0360131502000726},
	Volume = {39},
	Year = {2002},
	Bdsk-Url-1 = {http://www.sciencedirect.com/science/article/pii/S0360131502000726},
	Bdsk-Url-2 = {http://dx.doi.org/10.1016/S0360-1315(02)00072-6}}

@article{Lykourentzou:2009,
	Author = {Ioanna Lykourentzou and Ioannis Giannoukos and Vassilis Nikolopoulos and George Mpardis and Vassili Loumos},
	Date-Added = {2014-03-17 02:22:44 +0000},
	Date-Modified = {2014-03-17 02:23:39 +0000},
	Doi = {http://dx.doi.org/10.1016/j.compedu.2009.05.010},
	Issn = {0360-1315},
	Journal = {Computers & Education},
	Keywords = {Dropout prediction},
	Number = {3},
	Pages = {950 - 965},
	Title = {Dropout prediction in e-learning courses through the combination of machine learning techniques},
	Url = {http://www.sciencedirect.com/science/article/pii/S0360131509001249},
	Volume = {53},
	Year = {2009},
	Bdsk-File-1 = {YnBsaXN0MDDUAQIDBAUGJCVYJHZlcnNpb25YJG9iamVjdHNZJGFyY2hpdmVyVCR0b3ASAAGGoKgHCBMUFRYaIVUkbnVsbNMJCgsMDxJXTlMua2V5c1pOUy5vYmplY3RzViRjbGFzc6INDoACgAOiEBGABIAFgAdccmVsYXRpdmVQYXRoWWFsaWFzRGF0YV8QXy4uLy4uL0dyYWR1YXRlIFNjaG9vbC9KSFUvbWFjaGluZV9sZWFybmluZy9lZHVjYXRpb24gYXJ0aWNsZXMvMS1zMi4wLVMwMzYwMTMxNTA5MDAxMjQ5LW1haW4ucGRm0hcLGBlXTlMuZGF0YU8RAnAAAAAAAnAAAgAADE1hY2ludG9zaCBIRAAAAAAAAAAAAAAAAAAAAMq4/xRIKwAABocZCx8xLXMyLjAtUzAzNjAxMzE1MDkwIzZCOTE4QUUucGRmAAAAAAAAAAAAAAAAAAAAAAAAAAAAAAAAAAAAAAAAAAAGuRiuz0vVNAAAAAAAAAAAAAIABQAACSAAAAAAAAAAAAAAAAAAAAASZWR1Y2F0aW9uIGFydGljbGVzABAACAAAyrk3VAAAABEACAAAz0wNdAAAAAEAIAaHGQsGdVjQBPefAwT3nwIAKJUXAAUerQAFHqwAAMAjAAIAjk1hY2ludG9zaCBIRDpVc2VyczoAc2htdXJmZWN0OgBEb2N1bWVudHM6AERyb3Bib3g6AEdyYWR1YXRlIFNjaG9vbDoASkhVOgBtYWNoaW5lX2xlYXJuaW5nOgBlZHVjYXRpb24gYXJ0aWNsZXM6ADEtczIuMC1TMDM2MDEzMTUwOTAjNkI5MThBRS5wZGYADgBEACEAMQAtAHMAMgAuADAALQBTADAAMwA2ADAAMQAzADEANQAwADkAMAAwADEAMgA0ADkALQBtAGEAaQBuAC4AcABkAGYADwAaAAwATQBhAGMAaQBuAHQAbwBzAGgAIABIAEQAEgB7VXNlcnMvc2htdXJmZWN0L0RvY3VtZW50cy9Ecm9wYm94L0dyYWR1YXRlIFNjaG9vbC9KSFUvbWFjaGluZV9sZWFybmluZy9lZHVjYXRpb24gYXJ0aWNsZXMvMS1zMi4wLVMwMzYwMTMxNTA5MDAxMjQ5LW1haW4ucGRmAAATAAEvAAAVAAIAEP//AACABtIbHB0eWiRjbGFzc25hbWVYJGNsYXNzZXNdTlNNdXRhYmxlRGF0YaMdHyBWTlNEYXRhWE5TT2JqZWN00hscIiNcTlNEaWN0aW9uYXJ5oiIgXxAPTlNLZXllZEFyY2hpdmVy0SYnVHJvb3SAAQAIABEAGgAjAC0AMgA3AEAARgBNAFUAYABnAGoAbABuAHEAcwB1AHcAhACOAPAA9QD9A3EDcwN4A4MDjAOaA54DpQOuA7MDwAPDA9UD2APdAAAAAAAAAgEAAAAAAAAAKAAAAAAAAAAAAAAAAAAAA98=},
	Bdsk-Url-1 = {http://www.sciencedirect.com/science/article/pii/S0360131509001249},
	Bdsk-Url-2 = {http://dx.doi.org/10.1016/j.compedu.2009.05.010}}

@article{Yadav:2011,
	Author = {Yadav, Surjeet Kumar AND Bharadwaj, Brijesh AND Pal, Saurabh},
	Date-Added = {2014-03-17 02:01:22 +0000},
	Date-Modified = {2014-03-17 02:04:14 +0000},
	Journal = {International Journal of Innovative Technology & Creative Engineering},
	Month = {December},
	Number = {12},
	Title = {Data Mining Applications: A comparative Study for Predicting Student's performance},
	Volume = {1},
	Year = {2011},
	Bdsk-File-1 = {YnBsaXN0MDDUAQIDBAUGJCVYJHZlcnNpb25YJG9iamVjdHNZJGFyY2hpdmVyVCR0b3ASAAGGoKgHCBMUFRYaIVUkbnVsbNMJCgsMDxJXTlMua2V5c1pOUy5vYmplY3RzViRjbGFzc6INDoACgAOiEBGABIAFgAdccmVsYXRpdmVQYXRoWWFsaWFzRGF0YV8QVi4uLy4uL0dyYWR1YXRlIFNjaG9vbC9KSFUvbWFjaGluZV9sZWFybmluZy9lZHVjYXRpb24gYXJ0aWNsZXMvZm9yZWNhc3RpbmcgZ3JhZGVzIDIucGRm0hcLGBlXTlMuZGF0YU8RAk4AAAAAAk4AAgAADE1hY2ludG9zaCBIRAAAAAAAAAAAAAAAAAAAAMq4/xRIKwAABocZCxhmb3JlY2FzdGluZyBncmFkZXMgMi5wZGYAAAAAAAAAAAAAAAAAAAAAAAAAAAAAAAAAAAAAAAAAAAAAAAAAAAAGuQDVz0vQSwAAAAAAAAAAAAIABQAACSAAAAAAAAAAAAAAAAAAAAASZWR1Y2F0aW9uIGFydGljbGVzABAACAAAyrk3VAAAABEACAAAz0wIiwAAAAEAIAaHGQsGdVjQBPefAwT3nwIAKJUXAAUerQAFHqwAAMAjAAIAh01hY2ludG9zaCBIRDpVc2VyczoAc2htdXJmZWN0OgBEb2N1bWVudHM6AERyb3Bib3g6AEdyYWR1YXRlIFNjaG9vbDoASkhVOgBtYWNoaW5lX2xlYXJuaW5nOgBlZHVjYXRpb24gYXJ0aWNsZXM6AGZvcmVjYXN0aW5nIGdyYWRlcyAyLnBkZgAADgAyABgAZgBvAHIAZQBjAGEAcwB0AGkAbgBnACAAZwByAGEAZABlAHMAIAAyAC4AcABkAGYADwAaAAwATQBhAGMAaQBuAHQAbwBzAGgAIABIAEQAEgByVXNlcnMvc2htdXJmZWN0L0RvY3VtZW50cy9Ecm9wYm94L0dyYWR1YXRlIFNjaG9vbC9KSFUvbWFjaGluZV9sZWFybmluZy9lZHVjYXRpb24gYXJ0aWNsZXMvZm9yZWNhc3RpbmcgZ3JhZGVzIDIucGRmABMAAS8AABUAAgAQ//8AAIAG0hscHR5aJGNsYXNzbmFtZVgkY2xhc3Nlc11OU011dGFibGVEYXRhox0fIFZOU0RhdGFYTlNPYmplY3TSGxwiI1xOU0RpY3Rpb25hcnmiIiBfEA9OU0tleWVkQXJjaGl2ZXLRJidUcm9vdIABAAgAEQAaACMALQAyADcAQABGAE0AVQBgAGcAagBsAG4AcQBzAHUAdwCEAI4A5wDsAPQDRgNIA00DWANhA28DcwN6A4MDiAOVA5gDqgOtA7IAAAAAAAACAQAAAAAAAAAoAAAAAAAAAAAAAAAAAAADtA==}}

@article{Delen:2010,
	Author = {Delen, Dursun.},
	Date-Added = {2014-03-16 20:31:31 +0000},
	Date-Modified = {2014-03-16 20:32:29 +0000},
	Journal = {Decision Support Systems},
	Month = {June},
	Pages = {498-506},
	Title = {A comparative analysis of machine learning techniques for student retention management},
	Volume = {49},
	Year = {2010},
	Bdsk-File-1 = {YnBsaXN0MDDUAQIDBAUGJCVYJHZlcnNpb25YJG9iamVjdHNZJGFyY2hpdmVyVCR0b3ASAAGGoKgHCBMUFRYaIVUkbnVsbNMJCgsMDxJXTlMua2V5c1pOUy5vYmplY3RzViRjbGFzc6INDoACgAOiEBGABIAFgAdccmVsYXRpdmVQYXRoWWFsaWFzRGF0YV8QXy4uLy4uL0dyYWR1YXRlIFNjaG9vbC9KSFUvbWFjaGluZV9sZWFybmluZy9lZHVjYXRpb24gYXJ0aWNsZXMvMS1zMi4wLVMwMTY3OTIzNjEwMDAxMDQxLW1haW4ucGRm0hcLGBlXTlMuZGF0YU8RAnAAAAAAAnAAAgAADE1hY2ludG9zaCBIRAAAAAAAAAAAAAAAAAAAAMq4/xRIKwAABocZCx8xLXMyLjAtUzAxNjc5MjM2MTAwIzZCODIxQTkucGRmAAAAAAAAAAAAAAAAAAAAAAAAAAAAAAAAAAAAAAAAAAAGuCGpz0uCBAAAAAAAAAAAAAIABQAACSAAAAAAAAAAAAAAAAAAAAASZWR1Y2F0aW9uIGFydGljbGVzABAACAAAyrk3VAAAABEACAAAz0u6RAAAAAEAIAaHGQsGdVjQBPefAwT3nwIAKJUXAAUerQAFHqwAAMAjAAIAjk1hY2ludG9zaCBIRDpVc2VyczoAc2htdXJmZWN0OgBEb2N1bWVudHM6AERyb3Bib3g6AEdyYWR1YXRlIFNjaG9vbDoASkhVOgBtYWNoaW5lX2xlYXJuaW5nOgBlZHVjYXRpb24gYXJ0aWNsZXM6ADEtczIuMC1TMDE2NzkyMzYxMDAjNkI4MjFBOS5wZGYADgBEACEAMQAtAHMAMgAuADAALQBTADAAMQA2ADcAOQAyADMANgAxADAAMAAwADEAMAA0ADEALQBtAGEAaQBuAC4AcABkAGYADwAaAAwATQBhAGMAaQBuAHQAbwBzAGgAIABIAEQAEgB7VXNlcnMvc2htdXJmZWN0L0RvY3VtZW50cy9Ecm9wYm94L0dyYWR1YXRlIFNjaG9vbC9KSFUvbWFjaGluZV9sZWFybmluZy9lZHVjYXRpb24gYXJ0aWNsZXMvMS1zMi4wLVMwMTY3OTIzNjEwMDAxMDQxLW1haW4ucGRmAAATAAEvAAAVAAIAEP//AACABtIbHB0eWiRjbGFzc25hbWVYJGNsYXNzZXNdTlNNdXRhYmxlRGF0YaMdHyBWTlNEYXRhWE5TT2JqZWN00hscIiNcTlNEaWN0aW9uYXJ5oiIgXxAPTlNLZXllZEFyY2hpdmVy0SYnVHJvb3SAAQAIABEAGgAjAC0AMgA3AEAARgBNAFUAYABnAGoAbABuAHEAcwB1AHcAhACOAPAA9QD9A3EDcwN4A4MDjAOaA54DpQOuA7MDwAPDA9UD2APdAAAAAAAAAgEAAAAAAAAAKAAAAAAAAAAAAAAAAAAAA98=}}

@techreport{Balfanz:2012,
	Author = {Balfanz, Robert AND Bridgeland, John M. AND Bruce, Mary AND Fox, Joanna Hornig},
	Date-Added = {2014-03-16 19:56:14 +0000},
	Date-Modified = {2014-03-16 19:59:45 +0000},
	Institution = {Civic Enterprises, Everyone Graduates Center at Johns Hopkins University, and America's Promise Alliance Alliance for Excellent Education},
	Title = {Building a Grad Nation Progress and Challenge in Ending the High School Dropout Epidemic},
	Year = {2012},
	Bdsk-File-1 = {YnBsaXN0MDDUAQIDBAUGJCVYJHZlcnNpb25YJG9iamVjdHNZJGFyY2hpdmVyVCR0b3ASAAGGoKgHCBMUFRYaIVUkbnVsbNMJCgsMDxJXTlMua2V5c1pOUy5vYmplY3RzViRjbGFzc6INDoACgAOiEBGABIAFgAdccmVsYXRpdmVQYXRoWWFsaWFzRGF0YV8QVS4uLy4uL0dyYWR1YXRlIFNjaG9vbC9KSFUvbWFjaGluZV9sZWFybmluZy9lZHVjYXRpb24gYXJ0aWNsZXMvYmFja2dyb3VuZC9FRDUzMDMyMC5wZGbSFwsYGVdOUy5kYXRhTxECMgAAAAACMgACAAAMTWFjaW50b3NoIEhEAAAAAAAAAAAAAAAAAAAAyrj/FEgrAAAGptXVDEVENTMwMzIwLnBkZgAAAAAAAAAAAAAAAAAAAAAAAAAAAAAAAAAAAAAAAAAAAAAAAAAAAAAAAAAAAAAAAAAAAAa4FKfPS3oBAAAAAAAAAAAAAgAGAAAJIAAAAAAAAAAAAAAAAAAAAApiYWNrZ3JvdW5kABAACAAAyrk3VAAAABEACAAAz0uyQQAAAAEAJAam1dUGhxkLBnVY0AT3nwME958CACiVFwAFHq0ABR6sAADAIwACAIdNYWNpbnRvc2ggSEQ6VXNlcnM6AHNobXVyZmVjdDoARG9jdW1lbnRzOgBEcm9wYm94OgBHcmFkdWF0ZSBTY2hvb2w6AEpIVToAbWFjaGluZV9sZWFybmluZzoAZWR1Y2F0aW9uIGFydGljbGVzOgBiYWNrZ3JvdW5kOgBFRDUzMDMyMC5wZGYAAA4AGgAMAEUARAA1ADMAMAAzADIAMAAuAHAAZABmAA8AGgAMAE0AYQBjAGkAbgB0AG8AcwBoACAASABEABIAcVVzZXJzL3NobXVyZmVjdC9Eb2N1bWVudHMvRHJvcGJveC9HcmFkdWF0ZSBTY2hvb2wvSkhVL21hY2hpbmVfbGVhcm5pbmcvZWR1Y2F0aW9uIGFydGljbGVzL2JhY2tncm91bmQvRUQ1MzAzMjAucGRmAAATAAEvAAAVAAIAEP//AACABtIbHB0eWiRjbGFzc25hbWVYJGNsYXNzZXNdTlNNdXRhYmxlRGF0YaMdHyBWTlNEYXRhWE5TT2JqZWN00hscIiNcTlNEaWN0aW9uYXJ5oiIgXxAPTlNLZXllZEFyY2hpdmVy0SYnVHJvb3SAAQAIABEAGgAjAC0AMgA3AEAARgBNAFUAYABnAGoAbABuAHEAcwB1AHcAhACOAOYA6wDzAykDKwMwAzsDRANSA1YDXQNmA2sDeAN7A40DkAOVAAAAAAAAAgEAAAAAAAAAKAAAAAAAAAAAAAAAAAAAA5c=}}

@book{Rojas:1996,
	Author = {Rojas, R.},
	Date-Added = {2014-03-15 19:42:27 +0000},
	Date-Modified = {2014-03-15 19:43:20 +0000},
	Publisher = {Springer},
	Title = {Neural Networks: A Systematic Introduction},
	Year = {1996}}

@unpublished{Werbos:1974,
	Annote = {http://www.bibsonomy.org/bibtex/2b0644d7aa84be0df0f198d586d341843/idsia},
	Author = {Werbos, P.J.},
	Date-Added = {2014-03-15 19:37:00 +0000},
	Date-Modified = {2014-03-15 19:41:06 +0000},
	Note = {PhD Thesis. Harvard University},
	School = {Harvard University},
	Title = {Beyond Regression: New Tools for Prediction and Analysis in the Behavioral Sciences},
	Year = {1974}}

@article{Pearson:1901,
	Author = {Pearson, K.},
	Date-Added = {2014-03-15 19:05:12 +0000},
	Date-Modified = {2014-03-15 19:06:02 +0000},
	Journal = {Philosophical Magazine},
	Pages = {559-572},
	Title = {On lines and planes of closest fit to systems of points in space},
	Volume = {2},
	Year = {1901},
	Bdsk-File-1 = {YnBsaXN0MDDUAQIDBAUGJCVYJHZlcnNpb25YJG9iamVjdHNZJGFyY2hpdmVyVCR0b3ASAAGGoKgHCBMUFRYaIVUkbnVsbNMJCgsMDxJXTlMua2V5c1pOUy5vYmplY3RzViRjbGFzc6INDoACgAOiEBGABIAFgAdccmVsYXRpdmVQYXRoWWFsaWFzRGF0YV8QYS4uLy4uL0dyYWR1YXRlIFNjaG9vbC9KSFUvbWFjaGluZV9sZWFybmluZy9lZHVjYXRpb24gYXJ0aWNsZXMvdGhlb3J5IGFydGljbGVzL3BlYXJzb24xOTAxIFBDQS5wZGbSFwsYGVdOUy5kYXRhTxECXgAAAAACXgACAAAMTWFjaW50b3NoIEhEAAAAAAAAAAAAAAAAAAAAyrj/FEgrAAAGtqqRE3BlYXJzb24xOTAxIFBDQS5wZGYAAAAAAAAAAAAAAAAAAAAAAAAAAAAAAAAAAAAAAAAAAAAAAAAAAAAAAAAAAAa2qo/PShyJAAAAAAAAAAAAAgAGAAAJIAAAAAAAAAAAAAAAAAAAAA90aGVvcnkgYXJ0aWNsZXMAABAACAAAyrk3VAAAABEACAAAz0pUyQAAAAEAJAa2qpEGhxkLBnVY0AT3nwME958CACiVFwAFHq0ABR6sAADAIwACAJNNYWNpbnRvc2ggSEQ6VXNlcnM6AHNobXVyZmVjdDoARG9jdW1lbnRzOgBEcm9wYm94OgBHcmFkdWF0ZSBTY2hvb2w6AEpIVToAbWFjaGluZV9sZWFybmluZzoAZWR1Y2F0aW9uIGFydGljbGVzOgB0aGVvcnkgYXJ0aWNsZXM6AHBlYXJzb24xOTAxIFBDQS5wZGYAAA4AKAATAHAAZQBhAHIAcwBvAG4AMQA5ADAAMQAgAFAAQwBBAC4AcABkAGYADwAaAAwATQBhAGMAaQBuAHQAbwBzAGgAIABIAEQAEgB9VXNlcnMvc2htdXJmZWN0L0RvY3VtZW50cy9Ecm9wYm94L0dyYWR1YXRlIFNjaG9vbC9KSFUvbWFjaGluZV9sZWFybmluZy9lZHVjYXRpb24gYXJ0aWNsZXMvdGhlb3J5IGFydGljbGVzL3BlYXJzb24xOTAxIFBDQS5wZGYAABMAAS8AABUAAgAQ//8AAIAG0hscHR5aJGNsYXNzbmFtZVgkY2xhc3Nlc11OU011dGFibGVEYXRhox0fIFZOU0RhdGFYTlNPYmplY3TSGxwiI1xOU0RpY3Rpb25hcnmiIiBfEA9OU0tleWVkQXJjaGl2ZXLRJidUcm9vdIABAAgAEQAaACMALQAyADcAQABGAE0AVQBgAGcAagBsAG4AcQBzAHUAdwCEAI4A8gD3AP8DYQNjA2gDcwN8A4oDjgOVA54DowOwA7MDxQPIA80AAAAAAAACAQAAAAAAAAAoAAAAAAAAAAAAAAAAAAADzw==}}

@manual{Ingels:2013,
	Author = {Ingels, S.J. AND others},
	Date-Added = {2014-03-15 18:48:02 +0000},
	Date-Modified = {2014-03-17 00:40:02 +0000},
	Month = {November},
	Organization = {{National Center for Education Statistics}},
	Title = {High School Longitudinal Study of 2009 (HSLS:09) Base Year to First Follow-Up Data File Documentation},
	Year = {2013}}

@article{Cover:1967,
	Author = {Cover, T.M. AND Hart, P.E.},
	Date-Added = {2014-03-15 03:02:39 +0000},
	Date-Modified = {2014-03-15 03:05:10 +0000},
	Journal = {IEEE Transactions of Information Theory},
	Month = {Jan},
	Number = {1},
	Pages = {21-27},
	Title = {Nearest Neighbor Pattern Classification Nearest Neighbor Pattern Classification},
	Volume = {13},
	Year = {1967}}

@article{Chen:2007,
	Author = {Chen, C. AND Chen, Yi AND Liu, C.},
	Date-Added = {2014-03-05 02:51:38 +0000},
	Date-Modified = {2014-03-05 02:53:54 +0000},
	Journal = {IEEE Transaction on Systems, Man, and Cybernetics},
	Number = {6},
	Pages = {1349-1359},
	Title = {Learning Performance Assessment Approach Using Web-Based Learning Portfolios for E-learning Systems},
	Volume = {37},
	Year = {2007},
	Bdsk-File-1 = {YnBsaXN0MDDUAQIDBAUGJCVYJHZlcnNpb25YJG9iamVjdHNZJGFyY2hpdmVyVCR0b3ASAAGGoKgHCBMUFRYaIVUkbnVsbNMJCgsMDxJXTlMua2V5c1pOUy5vYmplY3RzViRjbGFzc6INDoACgAOiEBGABIAFgAdccmVsYXRpdmVQYXRoWWFsaWFzRGF0YV8QSi4uLy4uL0dyYWR1YXRlIFNjaG9vbC9KSFUvbWFjaGluZV9sZWFybmluZy9lZHVjYXRpb24gYXJ0aWNsZXMvMDQzNDM5ODQucGRm0hcLGBlXTlMuZGF0YU8RAh4AAAAAAh4AAgAADE1hY2ludG9zaCBIRAAAAAAAAAAAAAAAAAAAAMq4/xRIKwAABocZCwwwNDM0Mzk4NC5wZGYAAAAAAAAAAAAAAAAAAAAAAAAAAAAAAAAAAAAAAAAAAAAAAAAAAAAAAAAAAAAAAAAAAAAGq4ijzyHBuAAAAAAAAAAAAAIABQAACSAAAAAAAAAAAAAAAAAAAAASZWR1Y2F0aW9uIGFydGljbGVzABAACAAAyrk3VAAAABEACAAAzyIICAAAAAEAIAaHGQsGdVjQBPefAwT3nwIAKJUXAAUerQAFHqwAAMAjAAIAe01hY2ludG9zaCBIRDpVc2VyczoAc2htdXJmZWN0OgBEb2N1bWVudHM6AERyb3Bib3g6AEdyYWR1YXRlIFNjaG9vbDoASkhVOgBtYWNoaW5lX2xlYXJuaW5nOgBlZHVjYXRpb24gYXJ0aWNsZXM6ADA0MzQzOTg0LnBkZgAADgAaAAwAMAA0ADMANAAzADkAOAA0AC4AcABkAGYADwAaAAwATQBhAGMAaQBuAHQAbwBzAGgAIABIAEQAEgBmVXNlcnMvc2htdXJmZWN0L0RvY3VtZW50cy9Ecm9wYm94L0dyYWR1YXRlIFNjaG9vbC9KSFUvbWFjaGluZV9sZWFybmluZy9lZHVjYXRpb24gYXJ0aWNsZXMvMDQzNDM5ODQucGRmABMAAS8AABUAAgAQ//8AAIAG0hscHR5aJGNsYXNzbmFtZVgkY2xhc3Nlc11OU011dGFibGVEYXRhox0fIFZOU0RhdGFYTlNPYmplY3TSGxwiI1xOU0RpY3Rpb25hcnmiIiBfEA9OU0tleWVkQXJjaGl2ZXLRJidUcm9vdIABAAgAEQAaACMALQAyADcAQABGAE0AVQBgAGcAagBsAG4AcQBzAHUAdwCEAI4A2wDgAOgDCgMMAxEDHAMlAzMDNwM+A0cDTANZA1wDbgNxA3YAAAAAAAACAQAAAAAAAAAoAAAAAAAAAAAAAAAAAAADeA==}}

@article{Aher:2013,
	Author = {Aher, Sunita B. AND Lobo, L.M.R.J.},
	Date-Added = {2014-03-05 02:21:52 +0000},
	Date-Modified = {2014-03-05 02:37:58 +0000},
	Journal = {Knowledge-Based Systems},
	Month = {April},
	Pages = {1-14},
	Title = {Combination of machine learning algorithms for recommendation of courses in E-Learning System based on historical data},
	Volume = {51},
	Year = {2013}}

@article{Kotsiantis:2011,
	Author = {Kotsiantis, S.B.},
	Date-Added = {2014-03-04 13:51:18 +0000},
	Date-Modified = {2014-03-05 02:40:15 +0000},
	Journal = {Artificial Intelligence Review},
	Month = {May},
	Pages = {331--344},
	Title = {Use of machine learning techniques for educational proposes: a decision support system for forecasting students' grades},
	Volume = {37},
	Year = {2012},
	Bdsk-File-1 = {YnBsaXN0MDDUAQIDBAUGJCVYJHZlcnNpb25YJG9iamVjdHNZJGFyY2hpdmVyVCR0b3ASAAGGoKgHCBMUFRYaIVUkbnVsbNMJCgsMDxJXTlMua2V5c1pOUy5vYmplY3RzViRjbGFzc6INDoACgAOiEBGABIAFgAdccmVsYXRpdmVQYXRoWWFsaWFzRGF0YV8QVC4uLy4uL0dyYWR1YXRlIFNjaG9vbC9KSFUvbWFjaGluZV9sZWFybmluZy9lZHVjYXRpb24gYXJ0aWNsZXMvZm9yZWNhc3RpbmcgZ3JhZGVzLnBkZtIXCxgZV05TLmRhdGFPEQJGAAAAAAJGAAIAAAxNYWNpbnRvc2ggSEQAAAAAAAAAAAAAAAAAAADKuP8USCsAAAaHGQsWZm9yZWNhc3RpbmcgZ3JhZGVzLnBkZgAAAAAAAAAAAAAAAAAAAAAAAAAAAAAAAAAAAAAAAAAAAAAAAAAAAAAABos3k88dcPMAAAAAAAAAAAACAAUAAAkgAAAAAAAAAAAAAAAAAAAAEmVkdWNhdGlvbiBhcnRpY2xlcwAQAAgAAMq5N1QAAAARAAgAAM8dt0MAAAABACAGhxkLBnVY0AT3nwME958CACiVFwAFHq0ABR6sAADAIwACAIVNYWNpbnRvc2ggSEQ6VXNlcnM6AHNobXVyZmVjdDoARG9jdW1lbnRzOgBEcm9wYm94OgBHcmFkdWF0ZSBTY2hvb2w6AEpIVToAbWFjaGluZV9sZWFybmluZzoAZWR1Y2F0aW9uIGFydGljbGVzOgBmb3JlY2FzdGluZyBncmFkZXMucGRmAAAOAC4AFgBmAG8AcgBlAGMAYQBzAHQAaQBuAGcAIABnAHIAYQBkAGUAcwAuAHAAZABmAA8AGgAMAE0AYQBjAGkAbgB0AG8AcwBoACAASABEABIAcFVzZXJzL3NobXVyZmVjdC9Eb2N1bWVudHMvRHJvcGJveC9HcmFkdWF0ZSBTY2hvb2wvSkhVL21hY2hpbmVfbGVhcm5pbmcvZWR1Y2F0aW9uIGFydGljbGVzL2ZvcmVjYXN0aW5nIGdyYWRlcy5wZGYAEwABLwAAFQACABD//wAAgAbSGxwdHlokY2xhc3NuYW1lWCRjbGFzc2VzXU5TTXV0YWJsZURhdGGjHR8gVk5TRGF0YVhOU09iamVjdNIbHCIjXE5TRGljdGlvbmFyeaIiIF8QD05TS2V5ZWRBcmNoaXZlctEmJ1Ryb290gAEACAARABoAIwAtADIANwBAAEYATQBVAGAAZwBqAGwAbgBxAHMAdQB3AIQAjgDlAOoA8gM8Az4DQwNOA1cDZQNpA3ADeQN+A4sDjgOgA6MDqAAAAAAAAAIBAAAAAAAAACgAAAAAAAAAAAAAAAAAAAOq}}

@article{Pal:2012,
	Author = {Pal, Saurabh},
	Date-Added = {2014-03-04 03:39:11 +0000},
	Date-Modified = {2014-03-05 02:38:52 +0000},
	Journal = {International Journal of Interdisciplinary Sciences and Engineering},
	Month = {May},
	Number = {5},
	Pages = {35-39},
	Title = {Mining Educational Data Using Classification to Decrease Dropout Rate of Students},
	Volume = {3},
	Year = {2012},
	Bdsk-File-1 = {YnBsaXN0MDDUAQIDBAUGJCVYJHZlcnNpb25YJG9iamVjdHNZJGFyY2hpdmVyVCR0b3ASAAGGoKgHCBMUFRYaIVUkbnVsbNMJCgsMDxJXTlMua2V5c1pOUy5vYmplY3RzViRjbGFzc6INDoACgAOiEBGABIAFgAdccmVsYXRpdmVQYXRoWWFsaWFzRGF0YV8QVi4uLy4uL0dyYWR1YXRlIFNjaG9vbC9KSFUvbWFjaGluZV9sZWFybmluZy9lZHVjYXRpb24gYXJ0aWNsZXMvZGF0YSBtaW5pbmcgZHJvcCBvdXQucGRm0hcLGBlXTlMuZGF0YU8RAk4AAAAAAk4AAgAADE1hY2ludG9zaCBIRAAAAAAAAAAAAAAAAAAAAMq4/xRIKwAABocZCxhkYXRhIG1pbmluZyBkcm9wIG91dC5wZGYAAAAAAAAAAAAAAAAAAAAAAAAAAAAAAAAAAAAAAAAAAAAAAAAAAAAGj8zIzybIOgAAAAAAAAAAAAIABQAACSAAAAAAAAAAAAAAAAAAAAASZWR1Y2F0aW9uIGFydGljbGVzABAACAAAyrk3VAAAABEACAAAzycOigAAAAEAIAaHGQsGdVjQBPefAwT3nwIAKJUXAAUerQAFHqwAAMAjAAIAh01hY2ludG9zaCBIRDpVc2VyczoAc2htdXJmZWN0OgBEb2N1bWVudHM6AERyb3Bib3g6AEdyYWR1YXRlIFNjaG9vbDoASkhVOgBtYWNoaW5lX2xlYXJuaW5nOgBlZHVjYXRpb24gYXJ0aWNsZXM6AGRhdGEgbWluaW5nIGRyb3Agb3V0LnBkZgAADgAyABgAZABhAHQAYQAgAG0AaQBuAGkAbgBnACAAZAByAG8AcAAgAG8AdQB0AC4AcABkAGYADwAaAAwATQBhAGMAaQBuAHQAbwBzAGgAIABIAEQAEgByVXNlcnMvc2htdXJmZWN0L0RvY3VtZW50cy9Ecm9wYm94L0dyYWR1YXRlIFNjaG9vbC9KSFUvbWFjaGluZV9sZWFybmluZy9lZHVjYXRpb24gYXJ0aWNsZXMvZGF0YSBtaW5pbmcgZHJvcCBvdXQucGRmABMAAS8AABUAAgAQ//8AAIAG0hscHR5aJGNsYXNzbmFtZVgkY2xhc3Nlc11OU011dGFibGVEYXRhox0fIFZOU0RhdGFYTlNPYmplY3TSGxwiI1xOU0RpY3Rpb25hcnmiIiBfEA9OU0tleWVkQXJjaGl2ZXLRJidUcm9vdIABAAgAEQAaACMALQAyADcAQABGAE0AVQBgAGcAagBsAG4AcQBzAHUAdwCEAI4A5wDsAPQDRgNIA00DWANhA28DcwN6A4MDiAOVA5gDqgOtA7IAAAAAAAACAQAAAAAAAAAoAAAAAAAAAAAAAAAAAAADtA==}}

@techreport{Education-Statistics:1992,
	Author = {Phillip Kaufman AND Denise Bradbury},
	Date-Added = {2014-03-02 23:00:28 +0000},
	Date-Modified = {2014-03-17 03:40:54 +0000},
	Institution = {{National Center for Education Statistics}},
	Month = {August},
	Title = {Characteristics of At-Risk Students in {NELS:88}},
	Year = {1992},
	Bdsk-File-1 = {YnBsaXN0MDDUAQIDBAUGJCVYJHZlcnNpb25YJG9iamVjdHNZJGFyY2hpdmVyVCR0b3ASAAGGoKgHCBMUFRYaIVUkbnVsbNMJCgsMDxJXTlMua2V5c1pOUy5vYmplY3RzViRjbGFzc6INDoACgAOiEBGABIAFgAdccmVsYXRpdmVQYXRoWWFsaWFzRGF0YV8QUi4uLy4uL0dyYWR1YXRlIFNjaG9vbC9KSFUvbWFjaGluZV9sZWFybmluZy9lZHVjYXRpb24gYXJ0aWNsZXMvYmFja2dyb3VuZC85MjA0Mi5wZGbSFwsYGVdOUy5kYXRhTxECJAAAAAACJAACAAAMTWFjaW50b3NoIEhEAAAAAAAAAAAAAAAAAAAAyrj/FEgrAAAGptXVCTkyMDQyLnBkZgAAAAAAAAAAAAAAAAAAAAAAAAAAAAAAAAAAAAAAAAAAAAAAAAAAAAAAAAAAAAAAAAAAAAAAAAam1dHPOSCkAAAAAAAAAAAAAgAGAAAJIAAAAAAAAAAAAAAAAAAAAApiYWNrZ3JvdW5kABAACAAAyrk3VAAAABEACAAAzzlm9AAAAAEAJAam1dUGhxkLBnVY0AT3nwME958CACiVFwAFHq0ABR6sAADAIwACAIRNYWNpbnRvc2ggSEQ6VXNlcnM6AHNobXVyZmVjdDoARG9jdW1lbnRzOgBEcm9wYm94OgBHcmFkdWF0ZSBTY2hvb2w6AEpIVToAbWFjaGluZV9sZWFybmluZzoAZWR1Y2F0aW9uIGFydGljbGVzOgBiYWNrZ3JvdW5kOgA5MjA0Mi5wZGYADgAUAAkAOQAyADAANAAyAC4AcABkAGYADwAaAAwATQBhAGMAaQBuAHQAbwBzAGgAIABIAEQAEgBuVXNlcnMvc2htdXJmZWN0L0RvY3VtZW50cy9Ecm9wYm94L0dyYWR1YXRlIFNjaG9vbC9KSFUvbWFjaGluZV9sZWFybmluZy9lZHVjYXRpb24gYXJ0aWNsZXMvYmFja2dyb3VuZC85MjA0Mi5wZGYAEwABLwAAFQACABD//wAAgAbSGxwdHlokY2xhc3NuYW1lWCRjbGFzc2VzXU5TTXV0YWJsZURhdGGjHR8gVk5TRGF0YVhOU09iamVjdNIbHCIjXE5TRGljdGlvbmFyeaIiIF8QD05TS2V5ZWRBcmNoaXZlctEmJ1Ryb290gAEACAARABoAIwAtADIANwBAAEYATQBVAGAAZwBqAGwAbgBxAHMAdQB3AIQAjgDjAOgA8AMYAxoDHwMqAzMDQQNFA0wDVQNaA2cDagN8A38DhAAAAAAAAAIBAAAAAAAAACgAAAAAAAAAAAAAAAAAAAOG}}

@techreport{Bridgeland:2006,
	Author = {Bridgeland, John M. AND Morrison, Karen Burke AND DiIulio, John J.},
	Date-Added = {2014-03-02 21:36:02 +0000},
	Date-Modified = {2014-03-17 03:36:53 +0000},
	Institution = {Civic Enterprises},
	Month = {March},
	Read = {1},
	Title = {The Silent Epidemic: Perspectives of High School Drop Outs},
	Year = {2006},
	Bdsk-File-1 = {YnBsaXN0MDDUAQIDBAUGJCVYJHZlcnNpb25YJG9iamVjdHNZJGFyY2hpdmVyVCR0b3ASAAGGoKgHCBMUFRYaIVUkbnVsbNMJCgsMDxJXTlMua2V5c1pOUy5vYmplY3RzViRjbGFzc6INDoACgAOiEBGABIAFgAdccmVsYXRpdmVQYXRoWWFsaWFzRGF0YV8QZi4uLy4uL0dyYWR1YXRlIFNjaG9vbC9KSFUvbWFjaGluZV9sZWFybmluZy9lZHVjYXRpb24gYXJ0aWNsZXMvcGVyc3BlY3RpdmUgb24gaGlnaCBzY2hvb2wgZHJvcCBvdXRzLnBkZtIXCxgZV05TLmRhdGFPEQKEAAAAAAKEAAIAAAxNYWNpbnRvc2ggSEQAAAAAAAAAAAAAAAAAAADKuP8USCsAAAaHGQsfcGVyc3BlY3RpdmUgb24gaGlnaCM2OTQ2MkQ1LnBkZgAAAAAAAAAAAAAAAAAAAAAAAAAAAAAAAAAAAAAAAAAABpRi1c8phv8AAAAAAAAAAAACAAUAAAkgAAAAAAAAAAAAAAAAAAAAEmVkdWNhdGlvbiBhcnRpY2xlcwAQAAgAAMq5N1QAAAARAAgAAM8pzU8AAAABACAGhxkLBnVY0AT3nwME958CACiVFwAFHq0ABR6sAADAIwACAI5NYWNpbnRvc2ggSEQ6VXNlcnM6AHNobXVyZmVjdDoARG9jdW1lbnRzOgBEcm9wYm94OgBHcmFkdWF0ZSBTY2hvb2w6AEpIVToAbWFjaGluZV9sZWFybmluZzoAZWR1Y2F0aW9uIGFydGljbGVzOgBwZXJzcGVjdGl2ZSBvbiBoaWdoIzY5NDYyRDUucGRmAA4AUgAoAHAAZQByAHMAcABlAGMAdABpAHYAZQAgAG8AbgAgAGgAaQBnAGgAIABzAGMAaABvAG8AbAAgAGQAcgBvAHAAIABvAHUAdABzAC4AcABkAGYADwAaAAwATQBhAGMAaQBuAHQAbwBzAGgAIABIAEQAEgCCVXNlcnMvc2htdXJmZWN0L0RvY3VtZW50cy9Ecm9wYm94L0dyYWR1YXRlIFNjaG9vbC9KSFUvbWFjaGluZV9sZWFybmluZy9lZHVjYXRpb24gYXJ0aWNsZXMvcGVyc3BlY3RpdmUgb24gaGlnaCBzY2hvb2wgZHJvcCBvdXRzLnBkZgATAAEvAAAVAAIAEP//AACABtIbHB0eWiRjbGFzc25hbWVYJGNsYXNzZXNdTlNNdXRhYmxlRGF0YaMdHyBWTlNEYXRhWE5TT2JqZWN00hscIiNcTlNEaWN0aW9uYXJ5oiIgXxAPTlNLZXllZEFyY2hpdmVy0SYnVHJvb3SAAQAIABEAGgAjAC0AMgA3AEAARgBNAFUAYABnAGoAbABuAHEAcwB1AHcAhACOAPcA/AEEA4wDjgOTA54DpwO1A7kDwAPJA84D2wPeA/AD8wP4AAAAAAAAAgEAAAAAAAAAKAAAAAAAAAAAAAAAAAAAA/o=}}
